%%% -*- Mode: BibTeX -*-

% bmc_article.bib
% 
%  An example of bibtex entries.
%  Entries taken from BMC instructions for authors page.

% uncomment next line to make author-year bibliography
% @settings{label, options="nameyear"}

@article{jamal2017tracking,
  title={Tracking the evolution of non--small-cell lung cancer},
  author={Jamal-Hanjani, Mariam and Wilson, Gareth A and McGranahan, Nicholas and Birkbak, Nicolai J and Watkins, Thomas BK and Veeriah, Selvaraju and Shafi, Seema and Johnson, Diana H and Mitter, Richard and Rosenthal, Rachel and others},
  journal={New England Journal of Medicine},
  volume={376},
  number={22},
  pages={2109--2121},
  year={2017},
  publisher={Mass Medical Soc}
}

@article{forbes2016cosmic,
  title={COSMIC: somatic cancer genetics at high-resolution},
  author={Forbes, Simon A and Beare, David and Boutselakis, Harry and Bamford, Sally and Bindal, Nidhi and Tate, John and Cole, Charlotte G and Ward, Sari and Dawson, Elisabeth and Ponting, Laura and others},
  journal={Nucleic acids research},
  volume={45},
  number={D1},
  pages={D777--D783},
  year={2016},
  publisher={Oxford University Press}
}

@article{lawrence2014discovery,
  title={Discovery and saturation analysis of cancer genes across 21 tumour types},
  author={Lawrence, Michael S and Stojanov, Petar and Mermel, Craig H and Robinson, James T and Garraway, Levi A and Golub, Todd R and Meyerson, Matthew and Gabriel, Stacey B and Lander, Eric S and Getz, Gad},
  journal={Nature},
  volume={505},
  number={7484},
  pages={495},
  year={2014},
  publisher={Nature Publishing Group}
}

@article{cancer2012comprehensive,
  title={Comprehensive genomic characterization of squamous cell lung cancers},
  author={Cancer Genome Atlas Research Network and others},
  journal={Nature},
  volume={489},
  number={7417},
  pages={519},
  year={2012},
  publisher={Nature Publishing Group}
}

@article{cancer2014comprehensive,
  title={Comprehensive molecular profiling of lung adenocarcinoma},
  author={Cancer Genome Atlas Research Network and others},
  journal={Nature},
  volume={511},
  number={7511},
  pages={543},
  year={2014},
  publisher={Nature Publishing Group}
}

%%% end of file -- document.bib
